<?xml version="1.0" encoding="UTF-8"?><collection xmlns="http://www.loc.gov/MARC21/slim"><record><leader>00360nam--2200133-i-4500</leader><controlfield tag="001">000045401</controlfield><controlfield tag="002">20161230</controlfield><controlfield tag="005">20161230201045</controlfield><controlfield tag="008">060222s1000------------r-----000-0-eng-d</controlfield><datafield ind1=" " ind2=" " tag="080"><subfield code="a">9(498)(01)</subfield></datafield><datafield ind1=" " ind2=" " tag="100"><subfield code="a">Tosa, An Si Tufescu, Victor</subfield></datafield><datafield ind1=" " ind2=" " tag="245"><subfield code="a">Bibliografia geografica sumara a romaniei</subfield></datafield><datafield ind1=" " ind2=" " tag="260"><subfield code="a">Bucuresti, Imprimeria Nationala, 1947, 209p</subfield></datafield><datafield ind1=" " ind2=" " tag="852"><subfield code="a">47582</subfield></datafield></record></collection>